@article{dempsterlairdrubin77,
    author      = "A. P. Dempster and N. M. Laird and D. B. Rubin",
    title       = "Maximum Likelihood from Incomplete Data via the {EM} Algorithm",
    year        = "1977",
    journal     = "Journal of the Royal Statistical Society. Series B (Methodological)",
    volume      = "39",
    number      = "1",
    pages       = "1-38"
}

@article{kirkpatrickgelattvecchi83,
    author      = "S. Kirkpatrick and C. D. Gelatt and M. P. Vecchi",
    title       = "Optimization by Simulated Annealing",
    year        = "1983",
    journal     = "Science",
    volume      = "220",
    number      = "4598",
    pages       = "671-680"
}

@article{naimgildea12,
    author      = "Iftekhar Naim and Daniel Gildea",
    title       = "Convergence of the {EM} Algorithm for {G}aussian Mixtures with Unbalanced Mixing Coefficients",
    year        = "2012",
    journal     = "Proceedings of the 29th International Conference on Machine Learning",
    pages       = "1655-1662"
}

@article{uedanakano98,
    author      = "Naonori Ueda and Ryohei Nakano",
    title       = "Deterministic Annealing {EM} Algorithm",
    year        = "1998",
    journal     = "Neural Networks",
    volume      = "11",
    pages       = "271-282"
}

@article{wu83,
    author      = "C. F. Jeff Wu",
    title       = "On the Convergence Properties of the {EM} Algorithm",
    year        = "1983",
    journal     = "The Annals of Statistics",
    volume      = "11",
    number      = "1",
    pages       = "95-103"
}

